@journal{ferguson2006gpl,
	author = "Doug Ferguson",
	title = "Syntar Errors: Why Version 3 of the GNU General Public License Needs Debugging",
	journal = "North Carolina Journal of Law & Technology",
	volume = "7",
	number = "2",
	pages = "397--420",
	year = "2006",
	URL = "https://heinonline.org/HOL/Page?handle=hein.journals/ncjl7&id=403"
}

@article{perens1999open,
	title={The open source definition},
	author={Perens, Bruce and others},
	journal={Open sources: voices from the open source revolution},
	volume={1},
	pages={171--188},
	year={1999},
	publisher={Sebastopol, CA: O'Reilly}
}

@misc{wiki:publiclicenses,
	author = {{Category:Public copyright licenses}},
	title = "Category:Public copyright licenses --- {W}ikipedia{,} The Free Encyclopedia",
	year = "2012",
	url = "https://web.archive.org/web/20240131085240/https://en.wikipedia.org/wiki/Category:Public_copyright_licenses",
	note = "[Online; accessed 31-January-2024]"
}